<record><leader>00000cas a2200000 a 4500</leader><controlfield tag="001">45343048</controlfield><controlfield tag="008">001113d196919uumiuwr n       0    0eng c</controlfield><datafield ind1=" " ind2=" " tag="010"><subfield code="a">sn 00062647 </subfield></datafield><datafield ind1=" " ind2=" " tag="040"><subfield code="a">MHN</subfield><subfield code="b">eng</subfield><subfield code="c">MHN</subfield><subfield code="d">OCLCQ</subfield><subfield code="d">OCLCF</subfield><subfield code="d">OCLCO</subfield><subfield code="d">OCLCQ</subfield></datafield><datafield ind1=" " ind2=" " tag="042"><subfield code="a">pcc</subfield></datafield><datafield ind1=" " ind2=" " tag="043"><subfield code="a">n-us-mi</subfield></datafield><datafield ind1="0" ind2="0" tag="245"><subfield code="a">Portage herald-headliner.</subfield></datafield><datafield ind1=" " ind2=" " tag="260"><subfield code="a">Portage, Mich. :</subfield><subfield code="b">John Fisher</subfield></datafield><datafield ind1=" " ind2=" " tag="300"><subfield code="a">volumes</subfield></datafield><datafield ind1=" " ind2=" " tag="310"><subfield code="a">Weekly</subfield></datafield><datafield ind1=" " ind2=" " tag="336"><subfield code="a">text</subfield><subfield code="b">txt</subfield><subfield code="2">rdacontent</subfield></datafield><datafield ind1=" " ind2=" " tag="337"><subfield code="a">unmediated</subfield><subfield code="b">n</subfield><subfield code="2">rdamedia</subfield></datafield><datafield ind1=" " ind2=" " tag="338"><subfield code="a">volume</subfield><subfield code="b">nc</subfield><subfield code="2">rdacarrier</subfield></datafield><datafield ind1="1" ind2=" " tag="362"><subfield code="a">Began May 6, 1969.</subfield></datafield><datafield ind1=" " ind2="0" tag="651"><subfield code="a">Portage (Mich.)</subfield><subfield code="v">Newspapers.</subfield></datafield><datafield ind1=" " ind2="0" tag="651"><subfield code="a">Kalamazoo County (Mich.)</subfield><subfield code="v">Newspapers.</subfield></datafield><datafield ind1=" " ind2="7" tag="651"><subfield code="a">Michigan</subfield><subfield code="z">Kalamazoo County.</subfield><subfield code="2">fast</subfield><subfield code="0">(OCoLC)fst01204722</subfield></datafield><datafield ind1=" " ind2="7" tag="651"><subfield code="a">Michigan</subfield><subfield code="z">Portage.</subfield><subfield code="2">fast</subfield><subfield code="0">(OCoLC)fst01221999</subfield></datafield><datafield ind1=" " ind2="7" tag="655"><subfield code="a">Newspapers.</subfield><subfield code="2">fast</subfield><subfield code="0">(OCoLC)fst01423814</subfield></datafield><datafield ind1=" " ind2=" " tag="752"><subfield code="a">United States</subfield><subfield code="b">Michigan</subfield><subfield code="c">Kalamazoo</subfield><subfield code="d">Portage.</subfield></datafield><datafield ind1="1" ind2="4" tag="780"><subfield code="t">Portage herald</subfield><subfield code="w">(DLC)sn 97077134</subfield><subfield code="w">(OCoLC)35732365</subfield></datafield><datafield ind1="1" ind2="4" tag="780"><subfield code="t">Portage headliner</subfield><subfield code="w">(DLC)sn 00062652</subfield><subfield code="w">(OCoLC)45343016</subfield></datafield><datafield ind1="0" ind2="0" tag="785"><subfield code="t">Portage headliner news</subfield><subfield code="w">(DLC)sn 00062657</subfield><subfield code="w">(OCoLC)45343097</subfield></datafield><datafield ind1="1" ind2=" " tag="029"><subfield code="a">AU@</subfield><subfield code="b">000022106461</subfield></datafield></record>